% Copyright (c) 2019, Betsalel (Saul) Williamson, Jordan Henderson (the Authors)
% All rights reserved.
%
% Redistribution and use in source and binary forms, with or without
% modification, are permitted provided that the following conditions are met:
%     * Redistributions of source code must retain the above copyright
%       notice, this list of conditions and the following disclaimer.
%     * Redistributions in binary form must reproduce the above copyright
%       notice, this list of conditions and the following disclaimer in the
%       documentation and/or other materials provided with the distribution.
%     * Neither the names of the Authors nor the
%       names of its contributors may be used to endorse or promote products
%       derived from this software without specific prior written permission.
%
% THIS SOFTWARE IS PROVIDED BY THE Authors ``AS IS'' AND ANY
% EXPRESS OR IMPLIED WARRANTIES, INCLUDING, BUT NOT LIMITED TO, THE IMPLIED
% WARRANTIES OF MERCHANTABILITY AND FITNESS FOR A PARTICULAR PURPOSE ARE
% DISCLAIMED. IN NO EVENT SHALL THE Authors BE LIABLE FOR ANY
% DIRECT, INDIRECT, INCIDENTAL, SPECIAL, EXEMPLARY, OR CONSEQUENTIAL DAMAGES
% (INCLUDING, BUT NOT LIMITED TO, PROCUREMENT OF SUBSTITUTE GOODS OR SERVICES;
% LOSS OF USE, DATA, OR PROFITS; OR BUSINESS INTERRUPTION) HOWEVER CAUSED AND
% ON ANY THEORY OF LIABILITY, WHETHER IN CONTRACT, STRICT LIABILITY, OR TORT
% (INCLUDING NEGLIGENCE OR OTHERWISE) ARISING IN ANY WAY OUT OF THE USE OF THIS
% SOFTWARE, EVEN IF ADVISED OF THE POSSIBILITY OF SUCH DAMAGE.

%% Saved with string encoding Unicode (UTF-8) 

@Book{book:steven-smith-digital-signals,
 author = {Smith, Steven},
 title = {The scientist and engineer's guide to digital signal processing},
 publisher = {California Technical Pub},
 year = {1997},
 address = {San Diego, Calif},
 isbn = {9780966017632}
 }
 
 @Book{chaparro2014signals,
 author = {Chaparro, Luis},
 title = {Signals and systems using MATLAB},
 publisher = {Academic Press},
 year = {2014},
 address = {Amsterdam},
 isbn = {978-0-12-394812-0}
 }

@misc{comm:Dallal,
	Author = {Ahmed Dallal},
	Date-Added = {2018-09-17 12:39:12 +0000},
	Date-Modified = {2018-09-17 12:39:59 +0000},
	Howpublished = {private communication},
	Keywords = {professor, private-communication}
}

@unpublished{slides:Dallal-quant-and-code,
  author        = {Ahmed Dallal},
  title         = {Lecture notes in Quantization and coding},
  month         = {09},
  year          = {2018},
  publisher={University of Pittsburgh}
}

@unpublished{lab-prompt:ece1563-lab2,
  author        = {Ahmed Dallal},
  title         = {{ECE} 1563 - {Signal} Processing Laboratory {Experiment} 2: Design Problems},
  month         = {09},
  year          = {2018},
  publisher={University of Pittsburgh}
}

@unpublished{lab-prompt:ece1563-lab3,
  author        = {Ahmed Dallal},
  title         = {{ECE} 1563 - {Signal} Processing Laboratory {Experiment} 3: Fourier analysis of discrete-time signals and systems},
  month         = {09},
  year          = {2018},
  publisher={University of Pittsburgh}
}

@unpublished{lab-prompt:ece1563-lab4,
  author        = {Ahmed Dallal},
  title         = {{ECE} 1563 - {Signal} Processing Laboratory {Experiment} 4: {IIR} and {FIR} Filter Design},
  month         = {09},
  year          = {2018},
  publisher={University of Pittsburgh}
}

@unpublished{notes:ece1673-notes,
  author        = {Betsalel Williamson},
  title         = {Lecture Notes {ECE} 1673 Linear Control Systems},
  month         = {04},
  year          = {2018}
%   publisher     = {University of Pittsburgh}
}

@misc{comm:jenn-d,
	Author = {Jenn D.},
	Date-Added = {2018-12-07},
	Date-Modified = {2018-12-07},
	Howpublished = {private communication},
	Keywords = {friend, private-communication}}

% @manual{nxp:tja1043,
%     organization  = "NXP Semiconductors",
%     title         = "High-speed CAN transceiver",
%     number        = "TJA1043",
%     year          =  2013,
%     month         =  4,    
%     note          = "Rev. 3"
% }

% @manual{infineon:TLE4473GV55-2,
%     organization  = "Infineon Technologies AG",
%     title         = "Dual Low Dropout Voltage Regulator",
%     number        = "TLE 4473 GV55-2",
%     year          =  2008,
%     month         =  10,
%     note          = "Rev. 1.2"
% }

@manual{datasheet:Atmel-SAM3X,
    organization  = "Atmel",
    title         = "SAM3X / SAM3A [DATASHEET]",
    year          =  2015,
    month         =  3,
    number        = "Atmel-11057C-ATARM-SAM3X-SAM3A-Datasheet\_23-Mar-15"
}

@misc{wolf,
  author = {{ Wolfram Research, Inc.}},
  title = {{Discrete Fourier Transform}},
  howpublished = "\url{http://mathworld.wolfram.com/DiscreteFourierTransform.html}",
  year = {2018}, 
  note = "[Online; accessed 2-Nob-2018]"
}

@online{website:arduino-tutorial,
  author = {ard\_newbie},
  title = {Topic: DAC free running mode},
  year = 2018,
  url = {https://forum.arduino.cc/index.php?topic=527853.0},
  urldate = {2018-12-07}
}
